@article{1808-03314,
  author    = {Alex Sherstinsky},
  title     = {Fundamentals of Recurrent Neural Network {(RNN)} and Long Short-Term
               Memory {(LSTM)} Network},
  journal   = {CoRR},
  volume    = {abs/1808.03314},
  year      = {2018},
  url       = {http://arxiv.org/abs/1808.03314},
  archivePrefix = {arXiv},
  eprint    = {1808.03314},
  timestamp = {Sun, 02 Sep 2018 15:01:55 +0200},
  biburl    = {https://dblp.org/rec/bib/journals/corr/abs-1808-03314},
  bibsource = {dblp computer science bibliography, https://dblp.org}
}

@misc{1802.03515,
Author = {Wenhao Ding and Shuaijun Li and Guilin Zhang and Xiangyu Lei and Huihuan Qian},
Title = {Vehicle Pose and Shape Estimation through Multiple Monocular Vision},
Year = {2018},
Eprint = {arXiv:1802.03515},
}

@article{1809.00953,
Author = {Burak Satar and Ahmet Emir Dirik},
Title = {Deep Learning Based Vehicle Make-Model Classification},
Year = {2018},
Eprint = {arXiv:1809.00953},
Howpublished = {Lecture Notes in Computer Science book series 2018 (LNCS, volume
  11141). Springer, Cham},
Doi = {10.1007/978-3-030-01424-7_53},
}

@article{1905.02343,
Author = {Saghir Ahmed Saghir Alfasly and Yongjian Hu and Tiancai Liang and Xiaofeng Jin and Qingli Zhao and Beibei Liu},
Title = {Variational Representation Learning for Vehicle Re-Identification},
Year = {2019},
Eprint = {arXiv:1905.02343},
Howpublished = {ICIP (2019), pp. 3118-3122},
Doi = {10.1109/ICIP.2019.8803366},
}

@misc{1911.05541,
Author = {Icaro O. de Oliveira and Rayson Laroca and David Menotti and Keiko V. O. Fonseca and Rodrigo Minetto},
Title = {Vehicle Re-identification: exploring feature fusion using multi-stream convolutional networks},
Year = {2019},
Eprint = {arXiv:1911.05541},
}

@misc{1804.02576,
Author = {Marcel Sheeny and Andrew Wallace and Mehryar Emambakhsh and Sen Wang and Barry Connor},
Title = {POL-LWIR Vehicle Detection: Convolutional Neural Networks Meet Polarised Infrared Sensors},
Year = {2018},
Eprint = {arXiv:1804.02576},
}

@article{1804.00433,
Author = {Xiaowei Hu and Xuemiao Xu and Yongjie Xiao and Hao Chen and Shengfeng He and Jing Qin and Pheng-Ann Heng},
Title = {SINet: A Scale-insensitive Convolutional Neural Network for Fast Vehicle Detection},
Year = {2018},
Eprint = {arXiv:1804.00433},
Doi = {10.1109/TITS.2018.2838132},
}

@article{1801.01698,
Author = {Mohammad Mahdi Moghimi and Maryam Nayeri and Majid Pourahmadi and Mohammad Kazem Moghimi},
Title = {Moving Vehicle Detection Using AdaBoost and Haar-Like Feature in Surveillance Videos},
Year = {2018},
Eprint = {arXiv:1801.01698},
Howpublished = {International Journal of Imaging and Robotics, vol. 18, no. 1, pp.
  94-106 (2018)},
}

@misc{1910.01701,
Author = {Chen Fu and Chiyu Dong and Xiao Zhang and John M. Dolan},
Title = {Low-cost LIDAR based Vehicle Pose Estimation and Tracking},
Year = {2019},
Eprint = {arXiv:1910.01701},
}

@misc{1412.7062,
Author = {Liang-Chieh Chen and George Papandreou and Iasonas Kokkinos and Kevin Murphy and Alan L. Yuille},
Title = {Semantic Image Segmentation with Deep Convolutional Nets and Fully Connected CRFs},
Year = {2014},
Eprint = {arXiv:1412.7062},
}

@misc{1506.02640,
Author = {Joseph Redmon and Santosh Divvala and Ross Girshick and Ali Farhadi},
Title = {You Only Look Once: Unified, Real-Time Object Detection},
Year = {2015},
Eprint = {arXiv:1506.02640},
}

@article{1501.02058,
Author = {M. Kachouane and S. Sahki and M. Lakrouf and N. Ouadah},
Title = {HOG based Fast Human Detection},
Year = {2015},
Eprint = {arXiv:1501.02058},
Howpublished = {24th International Conference on Microelectronics (ICM), 2012, Dec
  2012, Alger, Algeria. pp.1 - 4},
Doi = {10.1109/ICM.2012.6471380},
}

@misc{1412.5513,
Author = {Cyrine Arouri and Engelbert Mephu Nguifo and Sabeur Aridhi and Cécile Roucelle and Gaelle Bonnet-Loosli and Norbert Tsopzé},
Title = {Towards a constructive multilayer perceptron for regression task using non-parametric clustering. A case study of Photo-Z redshift reconstruction},
Year = {2014},
Eprint = {arXiv:1412.5513},
}

@misc{1305.4537,
Author = {Nenad Markuš and Miroslav Frljak and Igor S. Pandžić and Jörgen Ahlberg and Robert Forchheimer},
Title = {Object Detection with Pixel Intensity Comparisons Organized in Decision Trees},
Year = {2013},
Eprint = {arXiv:1305.4537},
}

@misc{1302.5189,
Author = {Dilip K. Prasad},
Title = {Object Detection in Real Images},
Year = {2013},
Eprint = {arXiv:1302.5189},
}

@misc{1506.02509,
Author = {Lei Zhang and David Zhang},
Title = {SVM and ELM: Who Wins? Object Recognition with Deep Convolutional Features from ImageNet},
Year = {2015},
Eprint = {arXiv:1506.02509},
}

@article{Arrspide2012,
  doi = {10.1186/1687-6180-2012-2},
  url = {https://doi.org/10.1186/1687-6180-2012-2},
  year = {2012},
  month = jan,
  publisher = {Springer Nature},
  volume = {2012},
  number = {1},
  author = {Jon Arr{\'{o}}spide and Luis Salgado and Marcos Nieto},
  title = {Video analysis-based vehicle detection and tracking using an {MCMC} sampling framework},
  journal = {{EURASIP} Journal on Advances in Signal Processing}
}

@article{Fritsch2013ITSC,
  author = {Jannik Fritsch and Tobias Kuehnl and Andreas Geiger},
  title = {A New Performance Measure and Evaluation Benchmark for Road Detection Algorithms},
  booktitle = {International Conference on Intelligent Transportation Systems (ITSC)},
  year = {2013}
} 

@misc{1910.00138,
Author = {Victor Bogdan and Cosmin Bonchiş and Ciprian Orhei},
Title = {Custom Extended Sobel Filters},
Year = {2019},
Eprint = {arXiv:1910.00138},
}

@misc{mallick_2016, title={Home}, url={https://www.learnopencv.com/histogram-of-oriented-gradients/}, journal={Learn OpenCV}, author={Mallick, Satya}, year={2016}, month={Dec}}

@article{Sivaraman,
 author = {Sivaraman, Sayanan and Trivedi, Mohan Manubhai},
 title = {A General Active-learning Framework for On-road Vehicle Recognition and Tracking},
 journal = {Trans. Intell. Transport. Sys.},
 issue_date = {June 2010},
 volume = {11},
 number = {2},
 month = jun,
 year = {2010},
 issn = {1524-9050},
 pages = {267--276},
 numpages = {10},
 url = {http://dx.doi.org/10.1109/TITS.2010.2040177},
 doi = {10.1109/TITS.2010.2040177},
 acmid = {1825582},
 publisher = {IEEE Press},
 address = {Piscataway, NJ, USA},
 keywords = {Active safety, active safety, computer vision, intelligent driver-assistance systems, machine learning},
} 